@misc{c:1,
  title        = "stopwords.txt",
  author       = "{Lars Yencken}",
  howpublished = "\url{https://gist.github.com/larsyencken/1440509}",
  year         = 2011,
  note         = "Accessed: 2021-12-05"
}